@article{teranishi2001main,
  title={Main eigenvalues of a graph},
  author={Teranishi, Yasuo},
  journal={Linear and Multilinear Algebra},
  volume={49},
  number={4},
  pages={289--303},
  year={2001},
  publisher={Taylor \& Francis}
}

@article{hall1938isomorphism,
  title={An isomorphism between linear recurring sequences and algebraic rings},
  author={Hall, Marshall},
  journal={Transactions of the American Mathematical Society},
  volume={44},
  number={2},
  pages={196--218},
  year={1938},
  publisher={JSTOR}
}